@misc{brasilescola_parmenides,
	Author = {Francisco Porfírio},
	Howpublished = {Website Brasil Escola},
	Keywords = {filosofia},
	Title = {Parmênides},
	Url = {https://brasilescola.uol.com.br/filosofia/parmenides.htm},
	Urlaccessdate = {01 nov 2019},
	Year = {2019},
	Bdsk-Url-1 = {https://brasilescola.uol.com.br/filosofia/parmenides.htm}}

@misc{brasilescola_heraclito,
	Author = {Francisco Porfírio},
	Howpublished = {Website Brasil Escola},
	Keywords = {filosofia},
	Title = {Heráclito},
	Url = {https://brasilescola.uol.com.br/filosofia/heraclito.htm},
	Urlaccessdate = {01 nov 2019},
	Year = {2019},
	Bdsk-Url-1 = {https://brasilescola.uol.com.br/filosofia/heraclito.htm}}

@misc{dicio_logica,
	Author = {},
	Howpublished = {Dicionário Online},
	Keywords = {Dicionário},
	Title = {Lógica. In: DICIO, Dicionário Online de Português},
	Url = {https://www.dicio.com.br/logica},
	Urlaccessdate = {05 abr 2018},
	Year = {Porto: 7Graus, 2018},
	Bdsk-Url-1 = {https://www.dicio.com.br/logica}}
	
@misc{statisticshowto_teorema_central_limite,
	Author = {Stephanie Glen},
	Howpublished = {Website Statistics How To},
	Keywords = {StatisticsHowTo},
	Title = {Central Limit Theorem: Definition and Examples in Easy Steps},
	Url = {https://www.statisticshowto.datasciencecentral.com/probability-and-statistics/normal-distributions/central-limit-theorem-definition-examples},
	Urlaccessdate = {01 nov 2019},
	Year = {2019},
	Bdsk-Url-1 = {https://www.statisticshowto.datasciencecentral.com/probability-and-statistics/normal-distributions/central-limit-theorem-definition-examples}}
	
@article{ufpr_binomio_newton,
	Author = {José Osvaldo {TOGNATO II}},
	Journal = {Departamento de Matemática – UFPR},
	Pages = {10-13},
	Title = {O Binômio de Newton},
	Url = {http://www.educadores.diaadia.pr.gov.br/arquivos/File/fevereiro2016/matematica_dissertacoes/dissertacao_jose_osvaldo_tognato.pdf},
	Urlaccessdate = {05 nov 2019},
	Year = {2013}}

@misc{mathisfun_pascal_triangle,
	Author = {Rod Pierce},
	Howpublished = {Website Math is Fun},
	Keywords = {math},
	Title = {Pascal's Triangle},
	Url = {http://www.mathsisfun.com/pascals-triangle.html},
	Urlaccessdate = {05 nov 2019},
	Year = {2018},
	Bdsk-Url-1 = {http://www.mathsisfun.com/pascals-triangle.html}}

@misc{mathisfun_binomial_distribution,
	Author = {Rod Pierce},
	Howpublished = {Website Math is Fun},
	Keywords = {math},
	Title = {The Binomial Distribution},
	Url = {http://www.mathsisfun.com/data/binomial-distribution.html},
	Urlaccessdate = {05 nov 2019},
	Year = {2018},
	Bdsk-Url-1 = {http://www.mathsisfun.com/data/binomial-distribution.html}}

@misc{statisticsbyjim_central_limite_theorem_explainded,
	Author = {Jim Frost},
	Howpublished = {Website Statistics By Jim},
	Keywords = {StatisticsByJim},
	Title = {Central Limit Theorem Explained},
	Url = {https://statisticsbyjim.com/basics/central-limit-theorem},
	Urlaccessdate = {05 nov 2019},
	Year = {2018},
	Bdsk-Url-1 = {https://statisticsbyjim.com/basics/central-limit-theorem}}